@article{aids,
  author  = {Ismail Butun, Salvatore D. Morgera, Ravi Sankar},
  journal = {IEEE},
  number  = {},
  title   = {A Survey of Intrusion Detection Systems in Wireless Sensor Networks},
  volume  = {16},
  year    = {2014}
}
@article{cms_error,
  author  = {Graham Cormode, S. Muthukrishnan},
  journal = {abc},
  number  = {},
  title   = {Approximating Data with the Count-Min Data Structure},
  volume  = {},
  year    = {2011}
}

@article{cms_full,
  author  = {Graham Cormode, S. Muthukrishnan},
  journal = {Journal of Algorithms},
  number  = {},
  title   = {An Improved Data Stream Summary:The Count-Min Sketch and its Applications},
  volume  = {},
  year    = {2005}
}

@article{midas,
  author  = {Siddharth Bhatia,Bryan Hooi,Minji Yoon},
  journal = {abc},
  number  = {},
  title   = {MIDAS: Microcluster-Based Detector of Anomalies in Edge Streams},
  volume  = {},
  year    = {2020}
}

@article{midasr,
  author  = {Siddharth Bhatia,Bryan Hooi,Minji Yoon},
  journal = {ACM},
  number  = {},
  title   = {Real-Time Anomaly Detection in Edge Streams},
  volume  = {},
  year    = {2022}
}

@article{related1,
  author  = {Dimitrije Jankov, Sourav Sikdar},
  journal = {DEBS},
  number  = {},
  title   = {Real-time High Performance Anomaly Detection over Data Streams: Grand Challenge},
  volume  = {},
  year    = {2017}
}

@article{related2,
  author  = {Audrey Wilmet, Tiphaine Viard, Matthieu Latapy},
  journal = {Network Traffic Measurement and Analysis Conference(TMA)},
  number  = {},
  title   = {Degree-Based Outliers Detection Within IP Traffic Modelled as a Link Stream},
  volume  = {},
  year    = {2018}
}

@article{sids,
  author  = {Ansam Khraisat ,Igbal Gondal, Peter Vamplew },
  journal = {Springer},
  number  = {},
  title   = {An anomaly intrusion detection system using C5 decision tree classifier. In: Trends and applications in knowledge discovery and data mining},
  volume  = {},
  year    = {2018}
}

@techreport{survey2023,
  author      = {Charles Griffiths},
  institution = {AAG},
  title       = {The Latest 2023 Cyber Crime Statistics (updated March 2023)},
  year        = {2023}
}
